<record><leader>00000cas a22000007a 4500</leader><controlfield tag="001">41189440</controlfield><controlfield tag="008">990417d19761978tnuwr ne      0    0eng d</controlfield><datafield ind1=" " ind2=" " tag="010"><subfield code="a">sn 99065796 </subfield></datafield><datafield ind1=" " ind2=" " tag="040"><subfield code="a">TGN</subfield><subfield code="b">eng</subfield><subfield code="c">TGN</subfield><subfield code="d">OCLCF</subfield><subfield code="d">OCLCO</subfield></datafield><datafield ind1="1" ind2=" " tag="029"><subfield code="a">AU@</subfield><subfield code="b">000020107678</subfield></datafield><datafield ind1=" " ind2=" " tag="042"><subfield code="a">msc</subfield></datafield><datafield ind1="0" ind2="0" tag="245"><subfield code="a">Rogersville, Hawkins County free press.</subfield></datafield><datafield ind1="1" ind2="7" tag="246"><subfield code="a">Rogersville-Hawkins County free press</subfield></datafield><datafield ind1=" " ind2=" " tag="260"><subfield code="a">Rogersville, Tenn. :</subfield><subfield code="b">Bill Shirley,</subfield><subfield code="c">1976-</subfield></datafield><datafield ind1=" " ind2=" " tag="300"><subfield code="a">v.</subfield></datafield><datafield ind1=" " ind2=" " tag="310"><subfield code="a">Weekly</subfield></datafield><datafield ind1="0" ind2=" " tag="362"><subfield code="a">Vol. 1, no. 61 (Aug. 18, 1976)-</subfield></datafield><datafield ind1="1" ind2=" " tag="362"><subfield code="a">Ceased in 1978.</subfield></datafield><datafield ind1=" " ind2="0" tag="651"><subfield code="a">Rogersville (Tenn.)</subfield><subfield code="v">Newspapers.</subfield></datafield><datafield ind1=" " ind2="0" tag="651"><subfield code="a">Hawkins County (Tenn.)</subfield><subfield code="v">Newspapers.</subfield></datafield><datafield ind1=" " ind2="7" tag="655"><subfield code="a">Newspapers.</subfield><subfield code="2">fast</subfield><subfield code="0">(OCoLC)fst01423814</subfield></datafield><datafield ind1=" " ind2="7" tag="651"><subfield code="a">Tennessee</subfield><subfield code="z">Hawkins County.</subfield><subfield code="2">fast</subfield><subfield code="0">(OCoLC)fst01215417</subfield></datafield><datafield ind1=" " ind2="7" tag="651"><subfield code="a">Tennessee</subfield><subfield code="z">Rogersville.</subfield><subfield code="2">fast</subfield><subfield code="0">(OCoLC)fst01224282</subfield></datafield><datafield ind1=" " ind2=" " tag="752"><subfield code="a">United States</subfield><subfield code="b">Tennessee</subfield><subfield code="c">Hawkins</subfield><subfield code="d">Rogersville.</subfield></datafield><datafield ind1="0" ind2="0" tag="780"><subfield code="t">Free press (Rogersville, Tenn. : 1975)</subfield><subfield code="w">(DLC)sn 99065795</subfield></datafield><datafield ind1="0" ind2="0" tag="785"><subfield code="t">Free press (Rogersville, Tenn. : 1978)</subfield><subfield code="w">(DLC)sn 99065797</subfield></datafield></record>